<?xml version="1.0" encoding="utf-8"?>
<record xmlns="http://www.loc.gov/MARC21/slim" xmlns:xsi="http://www.w3.org/2001/XMLSchema-instance" xsi:schemaLocation="http://www.loc.gov/MARC21/slim http://www.loc.gov/standards/marcxml/schema/MARC21slim.xsd">
	<leader>     nam a22     Mi 4500</leader>
	<controlfield tag="001">b2592753x</controlfield>
	<controlfield tag="003">LeBAU</controlfield>
	<controlfield tag="006">m        d        </controlfield>
	<controlfield tag="007">cr cn |||m|||a</controlfield>
	<controlfield tag="008">210616q19251959ua      o     000 0 ara d</controlfield>
	<datafield ind1=" " ind2=" " tag="040">
		<subfield code="a">ZYU</subfield>
		<subfield code="b">ara</subfield>
		<subfield code="e">rda</subfield>
		<subfield code="c">ZYU</subfield>
	</datafield>
	<datafield ind1="0" ind2="4" tag="082">
		<subfield code="a">892.7109</subfield>
		<subfield code="2">23</subfield>
	</datafield>
	<datafield ind1="0" ind2=" " tag="100">
		<subfield code="6">880-01</subfield>
		<subfield code="a">Abū al-Faraj al-Iṣbahānī,</subfield>
		<subfield code="d">897 or 898-967.</subfield>
		<subfield code="e">author.</subfield>
		<subfield code="0">http://id.loc.gov/authorities/names/n80065804 ,</subfield>
	</datafield>
	<datafield ind1="1" ind2="0" tag="240">
		<subfield code="6">880-02</subfield>
		<subfield code="a">Aghānī.</subfield>
		<subfield code="k">Selections</subfield>
	</datafield>
	<datafield ind1="1" ind2="0" tag="245">
		<subfield code="6">880-03</subfield>
		<subfield code="a">Muhadhdhab al-Aghānī /</subfield>
		<subfield code="c">tahdhīb wa-tartīb wa-taḥqīq al-Ustādh ʻAbd al-Munʻim Shalabī, līsānsīh fī al-ādāb ; qaddama la-hu al-Ustādh Ibrāhīm al-Ibyārī, ʻuḍw Lajnat Iḥyāʼ Āthār Abī al-ʻAlāʼ al-Maʻarrī.</subfield>
	</datafield>
	<datafield ind1=" " ind2="1" tag="264">
		<subfield code="6">880-04</subfield>
		<subfield code="a">Miṣr :</subfield>
		<subfield code="b">al-Maṭbaʻah al-Tijārīyah al-Kubrá,</subfield>
		<subfield code="c">[between 1925 and 1959?]</subfield>
	</datafield>
	<datafield ind1=" " ind2=" " tag="300">
		<subfield code="6">880-05</subfield>
		<subfield code="a">online resource (6 volumes)</subfield>
	</datafield>
	<datafield ind1=" " ind2=" " tag="336">
		<subfield code="a">text</subfield>
		<subfield code="2">rdacontent</subfield>
	</datafield>
	<datafield ind1=" " ind2=" " tag="337">
		<subfield code="a">computer</subfield>
		<subfield code="2">rdamedia</subfield>
	</datafield>
	<datafield ind1=" " ind2=" " tag="338">
		<subfield code="a">online resource</subfield>
		<subfield code="2">rdacarrier</subfield>
	</datafield>
	<datafield ind1=" " ind2=" " tag="500">
		<subfield code="a">10 اجزاء ببليوغرافية في 6 اجزاء مادية.</subfield>
	</datafield>
	<datafield ind1=" " ind2=" " tag="500">
		<subfield code="a">Part of the Arabic Collections Online (ACO) project, contributed by American University of Beirut's Jafet Memorial Library.</subfield>
	</datafield>
	<datafield ind1="0" ind2=" " tag="505">
		<subfield code="a">الجزء الأول والثاني. في الشعراء الجاهليين --الجزء الثالث والرابع والخامس والسادس. في الشعراء الإسلاميين --الجزء السابع والثامن. في الشعراء الإسلاميين والمحدثين --الجزء التاسع. في الشعراء العباسيين --الجزء العاشر. المغنون.</subfield>
	</datafield>
	<datafield ind1=" " ind2=" " tag="533">
		<subfield code="a">Electronic reproduction.</subfield>
		<subfield code="b">New York, N.Y. :</subfield>
		<subfield code="c">New York University,</subfield>
		<subfield code="d">2021.</subfield>
		<subfield code="5">NNU</subfield>
	</datafield>
	<datafield ind1=" " ind2=" " tag="590">
		<subfield code="a">في المكتبة: الجزء 10.</subfield>
	</datafield>
	<datafield ind1=" " ind2="4" tag="650">
		<subfield code="a">الشعر العربي</subfield>
		<subfield code="y">750-1258</subfield>
		<subfield code="x">تاريخ ونقد.</subfield>
	</datafield>
	<datafield ind1=" " ind2="4" tag="650">
		<subfield code="a">الشعراء العرب</subfield>
		<subfield code="v">تراجم.</subfield>
	</datafield>
	<datafield ind1=" " ind2="4" tag="650">
		<subfield code="a">المغنون العرب</subfield>
		<subfield code="v">تراجم.</subfield>
	</datafield>
	<datafield ind1=" " ind2="0" tag="650">
		<subfield code="a">Arabic poetry</subfield>
		<subfield code="y">750-1258</subfield>
		<subfield code="x">History and criticism.</subfield>
	</datafield>
	<datafield ind1=" " ind2="0" tag="650">
		<subfield code="a">Poets, Arab</subfield>
		<subfield code="v">Biography.</subfield>
	</datafield>
	<datafield ind1=" " ind2="0" tag="650">
		<subfield code="a">Singers, Arab</subfield>
		<subfield code="v">Biography.</subfield>
	</datafield>
	<datafield ind1="1" ind2=" " tag="700">
		<subfield code="6">880-06</subfield>
		<subfield code="a">Shalabī, ʻAbd al-Munʻim.</subfield>
		<subfield code="e">compiler.</subfield>
		<subfield code="0">http://id.loc.gov/authorities/names/nr94029291 ,</subfield>
	</datafield>
	<datafield ind1="1" ind2=" " tag="700">
		<subfield code="6">880-07</subfield>
		<subfield code="a">Ibyārī, Ibrāhīm,</subfield>
		<subfield code="e">author of introduction, etc.</subfield>
	</datafield>
	<datafield ind1="2" ind2=" " tag="710">
		<subfield code="a">Jafet Memorial Library.</subfield>
	</datafield>
	<datafield ind1="0" ind2=" " tag="730">
		<subfield code="a">Arabic Collections Online.</subfield>
	</datafield>
	<datafield ind1="0" ind2="8" tag="776">
		<subfield code="i">Print version:</subfield>
		<subfield code="a">Abū al-Faraj al-Iṣbahānī, 897 or 898-967. author. http://id.loc.gov/authorities/names/n80065804 ,</subfield>
		<subfield code="t">Muhadhdhab al-Aghānī</subfield>
		<subfield code="w">(LeBAU)b2592753x</subfield>
	</datafield>
	<datafield ind1="0" ind2="8" tag="787">
		<subfield code="6">880-08</subfield>
		<subfield code="i">has related work</subfield>
		<subfield code="4">http://rdaregistry.info/Elements/w/P10198 :</subfield>
		<subfield code="a">Abū al-Faraj al-Iṣbahānī, 897 or 898-967.</subfield>
		<subfield code="t">Muhadhdhab al-Aghānī.</subfield>
		<subfield code="d">al-Qāhirah : Maṭbaʻat Miṣr Sharikah Musāhimah Miṣrīyah, 1925</subfield>
		<subfield code="w">(OCoLC)784425613</subfield>
		<subfield code="w">(OCoLC)784425613</subfield>
	</datafield>
	<datafield ind1="4" ind2="0" tag="856">
		<subfield code="u">http://hdl.handle.net/2333.1/7wm381cj</subfield>
	</datafield>
	<datafield ind1="0" ind2=" " tag="880">
		<subfield code="6">100-01</subfield>
		<subfield code="a">ابو الفرج الاصفهاني،</subfield>
		<subfield code="d">897 او 898-967،</subfield>
		<subfield code="0">http://id.loc.gov/authorities/names/n80065804 ,</subfield>
		<subfield code="e">مؤلف. </subfield>
		<subfield code="4">aut.</subfield>
	</datafield>
	<datafield ind1="1" ind2="0" tag="880">
		<subfield code="6">240-02</subfield>
		<subfield code="a">الاغاني.</subfield>
		<subfield code="k">مختارات</subfield>
	</datafield>
	<datafield ind1="1" ind2="0" tag="880">
		<subfield code="6">245-03</subfield>
		<subfield code="a">مهذب الاغاني /</subfield>
		<subfield code="c">تهذيب وترتيب وتحقيق الاستاذ عبد المنعم شلبي، ليسانسيه في الآداب ؛ قدم له الاستاذ إبراهيم الإبياري، عضو لجنة إحياء آثار ابي العلاء المعري.</subfield>
	</datafield>
	<datafield ind1=" " ind2="1" tag="880">
		<subfield code="6">264-04</subfield>
		<subfield code="a">مصر :</subfield>
		<subfield code="b">المطبعة التجارية الكبرى،</subfield>
		<subfield code="c">[ما بين 1925 و 1959؟]</subfield>
	</datafield>
	<datafield ind1=" " ind2=" " tag="880">
		<subfield code="6">300-05</subfield>
		<subfield code="a">6 اجزاء ؛</subfield>
		<subfield code="c">24 سم</subfield>
	</datafield>
	<datafield ind1="1" ind2=" " tag="880">
		<subfield code="6">700-06</subfield>
		<subfield code="a">شلبي، عبد المنعم،</subfield>
		<subfield code="0">http://id.loc.gov/authorities/names/nr94029291 ,</subfield>
		<subfield code="e">معد. </subfield>
		<subfield code="4">com.</subfield>
	</datafield>
	<datafield ind1="1" ind2=" " tag="880">
		<subfield code="6">700-07</subfield>
		<subfield code="a">الابياري، ابراهيم،</subfield>
		<subfield code="e">مؤلف مقدمة. </subfield>
		<subfield code="4">aui.</subfield>
	</datafield>
	<datafield ind1="0" ind2="8" tag="880">
		<subfield code="6">787-08</subfield>
		<subfield code="i">مرتبط بعمل</subfield>
		<subfield code="4">http://rdaregistry.info/Elements/w/P10198 :</subfield>
		<subfield code="a">ابو الفرج الاصفهاني، 897 او 898-967.</subfield>
		<subfield code="t">مهذب الاغاني.</subfield>
		<subfield code="d">القاهرة : مطبعة مصر شركة مساهمة مصرية، 1925</subfield>
		<subfield code="w">(LEAUB)b12603867</subfield>
		<subfield code="w">(OCoLC)784425613</subfield>
	</datafield>
	<datafield ind1=" " ind2=" " tag="959">
		<subfield code="a">NNU</subfield>
		<subfield code="b">WEB</subfield>
		<subfield code="c">GENI</subfield>
		<subfield code="t">0</subfield>
		<subfield code="m">Electronic access</subfield>
		<subfield code="s">01</subfield>
	</datafield>
	<datafield ind1=" " ind2=" " tag="999">
		<subfield code="i">LeBAU_b2592753x</subfield>
		<subfield code="s">aub_aco004646:v.10</subfield>
		<subfield code="e">(ERROR-MISC)</subfield>
	</datafield>
</record>
